@article{vadhan2012,
    title={Pseudorandomness},
    author={Salil P. Vadhan},
    journal={Foundations and Trends® in Theoretical Computer Science},
    volume={7},
    number={1-3},
    pages={1-336},
    year={2012},
    doi={10.1561/0400000010}
}
@article{shannon1948mathematical,
  title={A mathematical theory of communication},
  author={Shannon, Claude Elwood},
  journal={The Bell system technical journal},
  volume={27},
  number={3},
  pages={379--423},
  year={1948},
  publisher={Nokia Bell Labs}
}
@inproceedings{renyi1961measures,
  title={On measures of entropy and information},
  author={R{\'e}nyi, Alfr{\'e}d and others},
  booktitle={Proceedings of the fourth Berkeley symposium on mathematical statistics and probability},
  volume={1},
  number={547-561},
  year={1961},
  organization={Berkeley, California, USA}
}
@book{wilde2013quantum,
  title={Quantum information theory},
  author={Wilde, Mark M},
  year={2013},
  publisher={Cambridge University Press}
}
@ARTICLE{tomamichel,
  author={Tomamichel, Marco and Colbeck, Roger and Renner, Renato},
  journal={IEEE Transactions on Information Theory}, 
  title={Duality Between Smooth Min- and Max-Entropies}, 
  year={2010},
  volume={56},
  number={9},
  pages={4674-4681},
  doi={10.1109/TIT.2010.2054130}}
  
  @article{berta2013quantum,
  title={Quantum side information: Uncertainty relations, extractors, channel simulations},
  author={Berta, Mario},
  journal={arXiv preprint arXiv:1310.4581},
  year={2013}
}
@article{tomamichel2012framework,
  title={A framework for non-asymptotic quantum information theory},
  author={Tomamichel, Marco},
  journal={arXiv preprint arXiv:1203.2142},
  year={2012}
}
@article{osxehrtomamichel,
	doi = {10.1088/1367-2630/15/5/053022},
	year = 2013,
	month = {may},
	publisher = {{IOP} Publishing},
	volume = {15},
	number = {5},
	pages = {053022},
	author = {Oleg Szehr and Fr{\'{e}
}d{\'{e}}ric Dupuis and Marco Tomamichel and Renato Renner},
	title = {Decoupling with unitary approximate two-designs},
	journal = {New Journal of Physics}
}
@misc{oszehrthesis,
  doi = {10.48550/ARXIV.1207.3927},
  author = {Szehr, Oleg},
  keywords = {Quantum Physics (quant-ph), FOS: Physical sciences, FOS: Physical sciences},
  title = {Decoupling Theorems},
  publisher = {arXiv},
  year = {2012},
  copyright = {arXiv.org perpetual, non-exclusive license}
}
@article{dankert2design,
	doi = {10.1103/physreva.80.012304},
	year = 2009,
	month = {jul},
	publisher = {American Physical Society ({APS})},
	volume = {80},
	number = {1},
	author = {Christoph Dankert and Richard Cleve and Joseph Emerson and Etera Livine},
	title = {Exact and approximate unitary 2-designs and their application to fidelity estimation},
	journal = {Physical Review A}
}
@article{grossunitary,
	doi = {10.1063/1.2716992},
	year = 2007,
	month = {may},
	publisher = {{AIP} Publishing},
	volume = {48},
	number = {5},
	pages = {052104},
	author = {D. Gross and K. Audenaert and J. Eisert},
	title = {Evenly distributed unitaries: On the structure of unitary designs},
	journal = {Journal of Mathematical Physics}
}
@article{dupuisdecoupling,
	doi = {10.1109/tit.2013.2295330},
	year = 2014,
	month = {mar},
	publisher = {Institute of Electrical and Electronics Engineers ({IEEE})},
	volume = {60},
	number = {3},
	pages = {1562--1572},
	author = {Frederic Dupuis and Oleg Szehr and Marco Tomamichel},
	title = {A Decoupling Approach to Classical Data Transmission Over Quantum Channels},
	journal = {{IEEE} Transactions on Information Theory}
}
@article{oneshotdecoupling,
	doi = {10.1007/s00220-014-1990-4},
	year = 2014,
	month = {mar},
	publisher = {Springer Science and Business Media {LLC}
},
	volume = {328},
	number = {1},
	pages = {251--284},
	author = {Fr{\'{e}}d{\'{e}}ric Dupuis and Mario Berta and Jürg Wullschleger and Renato Renner},
	title = {One-Shot Decoupling},
	journal = {Communications in Mathematical Physics}
}
@article{Vazirani2014FullyDQ,
  title={Fully device-independent quantum key distribution.},
  author={Umesh V. Vazirani and Thomas Vidick},
  journal={Physical Review Letters},
  year={2014},
  volume={113},
  pages={140501}
}
@misc{nielsen2002quantum,
  title={Quantum computation and quantum information},
  author={Nielsen, Michael A and Chuang, Isaac},
  year={2002},
  publisher={American Association of Physics Teachers}
}
@misc{Shaltiel2011,
author="Shaltiel, Ronen",
title="An Introduction to Randomness Extractors",
year="2011",
publisher="Springer Berlin Heidelberg",
address="Berlin, Heidelberg",
pages="21--41",
}
@article{Berta_2014,
doi = {10.1109/tit.2013.2291780},
url = {https://doi.org/10.1109\%2Ftit.2013.2291780},
year = 2014,
month = {feb},
publisher = {Institute of Electrical and Electronics Engineers ({IEEE})},
volume = {60},
number = {2},
pages = {1168--1192},
author = {Mario Berta and Omar Fawzi and Stephanie Wehner},
title = {Quantum to Classical Randomness Extractors},
journal = {{IEEE} Transactions on Information Theory}
}
@misc{sakurai1995modern,
  title={Modern quantum mechanics, revised edition},
  author={Sakurai, Jun John and Commins, Eugene D},
  year={1995},
  publisher={American Association of Physics Teachers}
}
@misc{zettili2003quantum,
  title={Quantum mechanics: concepts and applications},
  author={Zettili, Nouredine},
  year={2003},
  publisher={American Association of Physics Teachers}
}
@book{griffiths2018introduction,
  title={Introduction to quantum mechanics},
  author={Griffiths, David J and Schroeter, Darrell F},
  year={2018},
  publisher={Cambridge university press}
}
@misc{tudelftQC,
  title={Quantum Cryptography},
  author={ Wehner, Stephanie and  Vidick,Thomas},
  url = {https://ocw.tudelft.nl/courses/quantum-cryptography/}
}
@article{Konig_2012,
	doi = {10.1109/tit.2011.2177772},
	url = {https://doi.org/10.1109%2Ftit.2011.2177772},
	year = 2012,
	month = {mar},
	publisher = {Institute of Electrical and Electronics Engineers ({IEEE})},
	volume = {58},
	number = {3},
	pages = {1962--1984},
	author = {Robert Konig and Stephanie Wehner and Jürg Wullschleger},
	title = {Unconditional Security From Noisy Quantum Storage},
	journal = {{IEEE} Transactions on Information Theory}
}
@article{bennett1992quantum,
  title={Quantum cryptography},
  author={Bennett, Charles H and Brassard, Gilles and Ekert, Artur K},
  journal={Scientific American},
  volume={267},
  number={4},
  pages={50--57},
  year={1992},
  publisher={JSTOR}
}
@incollection{bernstein2009introduction,
  title={Introduction to post-quantum cryptography},
  author={Bernstein, Daniel J},
  booktitle={Post-quantum cryptography},
  pages={1--14},
  year={2009},
  publisher={Springer}
}
@article{bruss2007quantum,
  title={Quantum cryptography: A survey},
  author={Bruss, Dagmar and Erd{\'e}lyi, G{\'a}bor and Meyer, Tim and Riege, Tobias and Rothe, J{\"o}rg},
  journal={ACM Computing Surveys (CSUR)},
  volume={39},
  number={2},
  pages={6--es},
  year={2007},
  publisher={ACM New York, NY, USA}
}
@article{lo2007quantum,
  title={Quantum cryptography: from theory to practice},
  author={Lo, Hoi-Kwong and L{\"u}tkenhaus, Norbert},
  journal={arXiv preprint quant-ph/0702202},
  year={2007}
}
@inproceedings{impagliazzo1989pseudo,
  title={Pseudo-random generation from one-way functions},
  author={Impagliazzo, Russell and Levin, Leonid A and Luby, Michael},
  booktitle={Proceedings of the twenty-first annual ACM symposium on Theory of computing},
  pages={12--24},
  year={1989}
}
@article{davis1955note,
  title={A note on Haar measure},
  author={Davis, Harry F},
  journal={Proceedings of the American Mathematical Society},
  volume={6},
  number={2},
  pages={318--321},
  year={1955}
}
@article{robertson1929uncertainty,
  title={The uncertainty principle},
  author={Robertson, Howard Percy},
  journal={Physical Review},
  volume={34},
  number={1},
  pages={163},
  year={1929},
  publisher={APS}
}